@book{von1826isolirte,
  title={Der isolirte Staat in Beziehung auf Landwirtschaft und National{\"o}konomie},
  author={von Th{\"u}nen, J.H.},
  year={1826},
  publisher={Wirtschaft \& Finan}
}

@article{burgess1925growth,
  title={The growth of the city: An introduction to a research project},
  author={Burgess, EW},
  journal={The City},
  pages={47--62},
  year=1925,
  publisher={University of Chicago Press}
}

@book{christaller1933zentralen,
  title={Die zentralen Orte in S{\"u}ddeutschland (the central places in southern Germany)},
  author={Christaller, Walter},
  publisher={Jena: Gustav Fischer Verlag},
  year={1933}
}

@book{zipf1949human,
  title={Human behavior and the principle of least effort.},
  author={Zipf, George Kingsley},
  year={1949},
  publisher={Addison Wesley Press}
}

@book{losch1954economics,
  title={The economics of location},
  author={L{\"o}sch, August},
  year={1967},
  publisher={New Haven: Yale University Press}
}

@article{alonso1964location,
  title={Location and land use. Toward a general theory of land rent.},
  author={Alonso, William and others},
  journal={Location and land use. Toward a general theory of land rent.},
  year={1964},
  publisher={Cambridge, Massachussets: Harvard Univ. Pr.}
}

@book{mandelbrot1983fractal,
  title={The fractal geometry of nature},
  author={Mandelbrot, Benoit B},
  volume={173},
  year={1983},
  publisher={WH freeman New York}
}

@article{bak1988self,
  title={Self-organized criticality},
  author={Bak, Per and Tang, Chao and Wiesenfeld, Kurt},
  journal={Physical review A},
  volume={38},
  number={1},
  pages={364},
  year={1988},
  publisher={APS}
}

@article{o1988indices,
  title={Indices of landscape pattern},
  author={O'Neill, RV and Krummel, JR and Gardner, RH and Sugihara, G and Jackson, B and DeAngelis, DL and Milne, BT and Turner, Monica G and Zygmunt, B and Christensen, SW and Dale, VH and Graham, RL},
  journal={Landscape ecology},
  volume={1},
  number={3},
  pages={153--162},
  year={1988},
  publisher={Springer}
}

@article{batty1989urban,
  title={Urban growth and form: scaling, fractal geometry, and diffusion-limited aggregation},
  author={Batty, Mike and Longley, Paul and Fotheringham, Stewart},
  journal={Environment and Planning A},
  volume={21},
  number={11},
  pages={1447--1472},
  year={1989},
  publisher={SAGE Publications Sage UK: London, England}
}

@article{turner1989landscape,
  title={Landscape ecology: the effect of pattern on process},
  author={Turner, Monica Goigel},
  journal={Annual review of ecology and systematics},
  volume={20},
  number={1},
  pages={171--197},
  year={1989},
  publisher={Annual Reviews 4139 El Camino Way, PO Box 10139, Palo Alto, CA 94303-0139, USA}
}

@article{frankhauser1990aspects,
  title={Aspects fractals des structures urbaines},
  author={Frankhauser, Pierre},
  journal={L'Espace g{\'e}ographique},
  pages={45--69},
  year={1990},
  publisher={JSTOR}
}

@article{mcdonnell1990ecosystem,
  title={Ecosystem structure and function along urban-rural gradients: an unexploited opportunity for ecology},
  author={McDonnell, Mark J and Pickett, Stewart TA},
  journal={Ecology},
  volume={71},
  number={4},
  pages={1232--1237},
  year={1990},
  publisher={Wiley Online Library}
}

@article{turner1990spatial,
  title={Spatial and temporal analysis of landscape patterns},
  author={Turner, Monica G},
  journal={Landscape ecology},
  volume={4},
  number={1},
  pages={21--30},
  year={1990},
  publisher={Springer}
}

@article{white1993cellular,
  title={Cellular automata and fractal urban form: a cellular modelling approach to the evolution of urban land-use patterns},
  author={White, Roger and Engelen, Guy},
  journal={Environment and planning A},
  volume={25},
  number={8},
  pages={1175--1199},
  year={1993},
  publisher={SAGE Publications}
}

@book{batty1994fractal,
  title={Fractal Cities: A Geometry of Form and Function},
  author={Batty, Michael and Longley, Paul},
  year={1994},
  publisher={Academic Press}
}

@book{frankhauser1994fractalite,
  title={La fractalit{\'e} des structures urbaines},
  author={Frankhauser, Pierre},
  year={1994},
  publisher={Anthropos}
}

@article{medley1995forest,
  title={Forest-landscape structure along an urban-to-rural gradient},
  author={Medley, Kimberly E and McDonnell, Mark J and Pickett, Steward TA},
  journal={The Professional Geographer},
  volume={47},
  number={2},
  pages={159--168},
  year={1995},
  publisher={Taylor \& Francis}
}

@article{pickett1995landscape,
  title={Landscape ecology: spatial heterogeneity in ecological systems},
  author={Pickett, Steward TA and Cadenasso, Mary L},
  journal={Science},
  volume={269},
  number={5222},
  pages={331--334},
  year={1995},
  publisher={American Association for the Advancement of Science}
}

@article{riitters1995factor,
  title={A factor analysis of landscape pattern and structure metrics},
  author={Riitters, Kurt H and O'neill, RV and Hunsaker, CT and Wickham, James D and Yankee, DH and Timmins, SP and Jones, KB and Jackson, BL},
  journal={Landscape ecology},
  volume={10},
  number={1},
  pages={23--39},
  year={1995},
  publisher={Springer}
}

@article{wu1995balance,
  title={From balance of nature to hierarchical patch dynamics: a paradigm shift in ecology},
  author={Wu, Jianguo and Loucks, Orie L},
  journal={The Quarterly review of biology},
  volume={70},
  number={4},
  pages={439--466},
  year={1995},
  publisher={University of Chicago Press}
}

@article{pickett1997conceptual,
  title={A conceptual framework for the study of human ecosystems in urban areas},
  author={Pickett, Steward TA and Burch, William R and Dalton, Shawn E and Foresman, Timothy W and Grove, J Morgan and Rowntree, Rowan},
  journal={Urban ecosystems},
  volume={1},
  number={4},
  pages={185--199},
  year={1997},
  publisher={Springer}
}

@article{storn1997differential,
  title={Differential evolution--a simple and efficient heuristic for global optimization over continuous spaces},
  author={Storn, Rainer and Price, Kenneth},
  journal={Journal of global optimization},
  volume={11},
  number={4},
  pages={341--359},
  year={1997},
  publisher={Springer}
}

@article{bolund1999ecosystem,
  title={Ecosystem services in urban areas},
  author={Bolund, Per and Hunhammar, Sven},
  journal={Ecological economics},
  volume={29},
  number={2},
  pages={293--301},
  year={1999},
  publisher={Elsevier}
}

@article{collins2000new,
  title={A New Urban Ecology Modeling human communities as integral parts of ecosystems poses special problems for the development and testing of ecological theory},
  author={Collins, James P and Kinzig, Ann and Grimm, Nancy B and Fagan, William F and Hope, Diane and Wu, Jianguo and Borer, Elizabeth T},
  journal={American scientist},
  volume={88},
  number={5},
  pages={416--425},
  year={2000},
  publisher={Sigma Xi, The Scientific Research Society}
}

@article{li2000fractal,
  title={Fractal geometry applications in description and analysis of patch patterns and patch dynamics},
  author={Li, Bai-Lian},
  journal={Ecological Modelling},
  volume={132},
  number={1-2},
  pages={33--50},
  year={2000},
  publisher={Elsevier}
}

@article{zipperer2000application,
  title={The application of ecological principles to urban and urbanizing landscapes},
  author={Zipperer, Wayne C and Wu, Jianguo and Pouyat, Richard V and Pickett, Steward TA},
  journal={Ecological applications},
  volume={10},
  number={3},
  pages={685--688},
  year={2000},
  publisher={Wiley Online Library}
}

@article{batty2001modelling,
  title={Modelling complexity: the limits to prediction},
  author={Batty, Michael and Torrens, Paul M},
  journal={Cybergeo: European Journal of Geography},
  year={2001},
  publisher={CNRS-UMR G{\'e}ographie-cit{\'e}s 8504}
}

@article{carruthers2002fragmentation,
  title={Fragmentation and sprawl: Evidence from interregional analysis},
  author={Carruthers, John I and Ulfarsson, Gudmundur F},
  journal={Growth and change},
  volume={33},
  number={3},
  pages={312--340},
  year={2002},
  publisher={Wiley Online Library}
}

@article{irwin2002interacting,
  title={Interacting agents, spatial externalities and the evolution of residential land use patterns},
  author={Irwin, Elena G and Bockstael, Nancy E},
  journal={Journal of economic geography},
  volume={2},
  number={1},
  pages={31--54},
  year={2002},
  publisher={Oxford University Press}
}

@article{wu2002empirical,
  title={Empirical patterns of the effects of changing scale on landscape metrics},
  author={Wu, Jianguo and Shen, Weijun and Sun, Weizhong and Tueller, Paul T},
  journal={Landscape Ecology},
  volume={17},
  number={8},
  pages={761--782},
  year={2002},
  publisher={Springer}
}

@article{schwanen2004policies,
  title={Policies for urban form and their impact on travel: the Netherlands experience},
  author={Schwanen, Tim and Dijst, Martin and Dieleman, Frans M},
  journal={Urban studies},
  volume={41},
  number={3},
  pages={579--603},
  year={2004},
  publisher={Sage Publications Sage UK: London, England}
}

@article{wu2004effects,
  title={Effects of changing scale on landscape pattern analysis: scaling relations},
  author={Wu, Jianguo},
  journal={Landscape ecology},
  volume={19},
  number={2},
  pages={125--138},
  year={2004},
  publisher={Springer}
}

@article{alberti2005effects,
  title={The effects of urban patterns on ecosystem function},
  author={Alberti, Marina},
  journal={International regional science review},
  volume={28},
  number={2},
  pages={168--192},
  year={2005},
  publisher={Sage Publications Sage CA: Thousand Oaks, CA}
}

@book{angel2005dynamics,
  title={The dynamics of global urban expansion},
  author={Angel, Shlomo and Sheppard, Stephen and Civco, Daniel L and Buckley, Robert and Chabaeva, Anna and Gitlin, Lucy and Kraley, Alison and Parent, Jason and Perlin, Micah},
  year={2005},
  publisher={Citeseer}
}

@book{batty2005cities,
  title={Cities and Complexity: Understanding Cities with Cellular Automata, Agent-based Models, and Fractals},
  author={Batty, Michael},
  year={2005},
  publisher={MIT Press}
}

@article{carreiro2005forest,
  title={Forest remnants along urban-rural gradients: examining their potential for global change research},
  author={Carreiro, Margaret M and Tripler, Christopher E},
  journal={Ecosystems},
  volume={8},
  number={5},
  pages={568--582},
  year={2005},
  publisher={Springer}
}

@article{dietzel2005spatio,
  title={Spatio-temporal dynamics in California's Central Valley: Empirical links to urban theory},
  author={Dietzel, Charles and Herold, Martin and Hemphill, Jeffrey J and Clarke, Keith C},
  journal={International Journal of Geographical Information Science},
  volume={19},
  number={2},
  pages={175--195},
  year={2005},
  publisher={Taylor \& Francis}
}

@article{frankhauser2005morphologie,
  title={La morphologie des tissus urbains et p{\'e}riurbains {\`a} travers une lecture fractale},
  author={Frankhauser, Pierre},
  journal={Revue g{\'e}ographique de l'Est},
  volume={45},
  number={3-4},
  pages={145--160},
  year={2005},
  publisher={Association des G{\'e}ographes de l’Est}
}

@article{robinson2005twenty,
  title={Twenty-five years of sprawl in the Seattle region: growth management responses and implications for conservation},
  author={Robinson, Lin and Newell, Joshua P and Marzluff, John M},
  journal={Landscape and Urban planning},
  volume={71},
  number={1},
  pages={51--72},
  year={2005},
  publisher={Elsevier}
}

@article{seto2005quantifying,
  title={Quantifying spatiotemporal patterns of urban land-use change in four cities of China with time series landscape metrics},
  author={Seto, Karen C and Fragkias, Michail},
  journal={Landscape ecology},
  volume={20},
  number={7},
  pages={871--888},
  year={2005},
  publisher={Springer}
}

@article{wolman2005fundamental,
  title={The fundamental challenge in measuring sprawl: which land should be considered?},
  author={Wolman, Harold and Galster, George and Hanson, Royce and Ratcliffe, Michael and Furdell, Kimberly and Sarzynski, Andrea},
  journal={The Professional Geographer},
  volume={57},
  number={1},
  pages={94--105},
  year={2005},
  publisher={Taylor \& Francis}
}

@article{manson2006complexity,
  title={Complexity theory in the study of space and place},
  author={Manson, Steven and O'Sullivan, David},
  journal={Environment and Planning A},
  volume={38},
  number={4},
  pages={677--692},
  year={2006},
  publisher={SAGE Publications Sage UK: London, England}
}

@article{bettencourt2007growth,
  title={Growth, innovation, scaling, and the pace of life in cities},
  author={Bettencourt, Lu{\'\i}s MA and Lobo, Jos{\'e} and Helbing, Dirk and K{\"u}hnert, Christian and West, Geoffrey B},
  journal={Proceedings of the national academy of sciences},
  volume={104},
  number={17},
  pages={7301--7306},
  year={2007},
  publisher={National Acad Sciences}
}

@article{jiang2007topological,
  title={A topological pattern of urban street networks: universality and peculiarity},
  author={Jiang, Bin},
  journal={Physica A: Statistical Mechanics and its Applications},
  volume={384},
  number={2},
  pages={647--655},
  year={2007},
  publisher={Elsevier}
}

@article{batty2008size,
  title={The size, scale, and shape of cities},
  author={Batty, Michael},
  journal={science},
  volume={319},
  number={5864},
  pages={769--771},
  year={2008},
  publisher={American Association for the Advancement of Science}
}

@article{frenkel2008measuring,
  title={Measuring urban sprawl: how can we deal with it?},
  author={Frenkel, Amnon and Ashkenazi, Maya},
  journal={Environment and Planning B: Planning and Design},
  volume={35},
  number={1},
  pages={56--79},
  year={2008},
  publisher={SAGE Publications Sage UK: London, England}
}

@article{grimm2008global,
  title={Global change and the ecology of cities},
  author={Grimm, Nancy B and Faeth, Stanley H and Golubiewski, Nancy E and Redman, Charles L and Wu, Jianguo and Bai, Xuemei and Briggs, John M},
  journal={science},
  volume={319},
  number={5864},
  pages={756--760},
  year={2008},
  publisher={American Association for the Advancement of Science}
}

@incollection{mcdonnell2008ecosystem,
  title={Ecosystem processes along an urban-to-rural gradient},
  author={McDonnell, Mark J and Pickett, Steward TA and Groffman, Peter and Bohlen, Patrick and Pouyat, Richard V and Zipperer, Wayne C and Parmelee, Robert W and Carreiro, Margaret M and Medley, Kimberly},
  booktitle={Urban Ecology},
  pages={299--313},
  year={2008},
  publisher={Springer}
}

@article{rozenfeld2008laws,
  title={Laws of population growth},
  author={Rozenfeld, Hern{\'a}n D and Rybski, Diego and Andrade, Jos{\'e} S and Batty, Michael and Stanley, H Eugene and Makse, Hern{\'a}n A},
  journal={Proceedings of the National Academy of Sciences},
  volume={105},
  number={48},
  pages={18702--18707},
  year={2008},
  publisher={National Acad Sciences}
}

@article{schneider2008compact,
  title={Compact, dispersed, fragmented, extensive? A comparison of urban growth in twenty-five global cities using remotely sensed data, pattern metrics and census information},
  author={Schneider, Annemarie and Woodcock, Curtis E},
  journal={Urban Studies},
  volume={45},
  number={3},
  pages={659--692},
  year={2008},
  publisher={Sage Publications Sage UK: London, England}
}

@article{torrens2008toolkit,
  title={A toolkit for measuring sprawl},
  author={Torrens, Paul M},
  journal={Applied Spatial Analysis and Policy},
  volume={1},
  number={1},
  pages={5--36},
  year={2008},
  publisher={Springer}
}

@article{wu2008making,
  title={Making the case for landscape ecology an effective approach to urban sustainability},
  author={Wu, Jianguo Jingle},
  journal={Landscape journal},
  volume={27},
  number={1},
  pages={41--50},
  year={2008},
  publisher={University of Wisconsin Press}
}

@article{mann2009institutional,
  title={Institutional causes of urban and rural sprawl in Switzerland},
  author={Mann, Stefan},
  journal={Land use policy},
  volume={26},
  number={4},
  pages={919--924},
  year={2009},
  publisher={Elsevier}
}

@article{jenerette2010global,
  title={Global analysis and simulation of land-use change associated with urbanization},
  author={Jenerette, G Darrel and Potere, David},
  journal={Landscape ecology},
  volume={25},
  number={5},
  pages={657--670},
  year={2010},
  publisher={Springer}
}

@article{liu2010new,
  title={A new landscape index for quantifying urban expansion using multi-temporal remotely sensed data},
  author={Liu, Xiaoping and Li, Xia and Chen, Yimin and Tan, Zhangzhi and Li, Shaoying and Ai, Bin},
  journal={Landscape ecology},
  volume={25},
  number={5},
  pages={671--682},
  year={2010},
  publisher={Springer}
}

@article{thomas2010clustering,
  title={Clustering patterns of urban built-up areas with curves of fractal scaling behaviour},
  author={Thomas, Isabelle and Frankhauser, Pierre and Frenay, Benoit and Verleysen, Michel},
  journal={Environment and Planning B: Planning and Design},
  volume={37},
  number={5},
  pages={942--954},
  year={2010},
  publisher={SAGE Publications Sage UK: London, England}
}

@article{wu2011quantifying,
  title={Quantifying spatiotemporal patterns of urbanization: The case of the two fastest growing metropolitan regions in the United States},
  author={Wu, Jianguo and Jenerette, G Darrel and Buyantuyev, Alexander and Redman, Charles L},
  journal={Ecological Complexity},
  volume={8},
  number={1},
  pages={1--8},
  year={2011},
  publisher={Elsevier}
}

@misc{mcgarigal2012fragstats,
  title={FRAGSTATS v4: spatial pattern analysis program for categorical and continuous maps},
  author={McGarigal, Kevin and Cushman, Sam A and Ene, Eduard},
  year={2012},
  howpublished={Computer software program produced by the authors at the University of Massachusetts, Amherst. Available at the following web site: http://www. umass. edu/landeco/research/fragstats/fragstats. html},
}

@article{strano2012elementary,
  title={Elementary processes governing the evolution of road networks},
  author={Strano, Emanuele and Nicosia, Vincenzo and Latora, Vito and Porta, Sergio and Barth{\'e}lemy, Marc},
  journal={Scientific reports},
  volume={2},
  pages={296},
  year={2012},
  publisher={Nature Publishing Group}
}

@article{gomez2013classifying,
  title={Classifying and valuing ecosystem services for urban planning},
  author={G{\'o}mez-Baggethun, Erik and Barton, David N},
  journal={Ecological Economics},
  volume={86},
  pages={235--245},
  year={2013},
  publisher={Elsevier}
}

@article{li2013quantifying,
  title={Quantifying the speed, growth modes, and landscape pattern changes of urbanization: a hierarchical patch dynamics approach},
  author={Li, Cheng and Li, Junxiang and Wu, Jianguo},
  journal={Landscape ecology},
  volume={28},
  number={10},
  pages={1875--1888},
  year={2013},
  publisher={Springer}
}

@article{tannier2013defining,
  title={Defining and characterizing urban boundaries: A fractal analysis of theoretical cities and Belgian cities},
  author={Tannier, C{\'e}cile and Thomas, Isabelle},
  journal={Computers, Environment and Urban Systems},
  volume={41},
  pages={234--248},
  year={2013},
  publisher={Elsevier}
}

@article{alstott2014powerlaw,
  title={powerlaw: a Python package for analysis of heavy-tailed distributions},
  author={Alstott, Jeff and Bullmore, Ed and Plenz, Dietmar},
  journal={PloS one},
  volume={9},
  number={1},
  pages={e85777},
  year={2014},
  publisher={Public Library of Science}
}

@article{jaeger2014improving,
  title={Improving the measurement of urban sprawl: Weighted Urban Proliferation (WUP) and its application to Switzerland},
  author={Jaeger, Jochen AG and Schwick, Christian},
  journal={Ecological indicators},
  volume={38},
  pages={294--308},
  year={2014},
  publisher={Elsevier}
}

@article{oliveira2014large,
  title={Large cities are less green},
  author={Oliveira, Erneson A and Andrade Jr, Jos{\'e} S and Makse, Hern{\'a}n A},
  journal={Scientific reports},
  volume={4},
  year={2014},
  publisher={Nature Publishing Group}
}

@misc{sfso2014espace,
  title={L'espace \`{a} caract\`{e}re urbain en Suisse en 2012: Une nouvelle d\'{e}finition des agglom\'{e}rations et d'autres cat\'{e}gories d'espace urbain},
  author="{Swiss Federal Statistical Office}",
  year={2014},
  howpublished={Available from (in French) \url{https://www.bfs.admin.ch/bfs/fr/home/statistiques/themes-transversaux/analyses-spatiales/niveaux-geographiques.assetdetail.349554.html}. Accessed: 17 April 2019},
}

@article{wu2014urban,
  title={Urban ecology and sustainability: The state-of-the-science and future directions},
  author={Wu, Jianguo},
  journal={Landscape and Urban Planning},
  volume={125},
  pages={209--221},
  year={2014},
  publisher={Elsevier}
}

@article{liu2014much,
  title={How much of the world’s land has been urbanized, really? A hierarchical framework for avoiding confusion},
  author={Liu, Zhifeng and He, Chunyang and Zhou, Yuyu and Wu, Jianguo},
  journal={Landscape Ecology},
  volume={29},
  number={5},
  pages={763--771},
  year={2014},
  publisher={Springer}
}

@article{haddad2015habitat,
  title={Habitat fragmentation and its lasting impact on Earth’s ecosystems},
  author={Haddad, Nick M and Brudvig, Lars A and Clobert, Jean and Davies, Kendi F and Gonzalez, Andrew and Holt, Robert D and Lovejoy, Thomas E and Sexton, Joseph O and Austin, Mike P and Collins, Cathy D and others},
  journal={Science advances},
  volume={1},
  number={2},
  pages={e1500052},
  year={2015},
  publisher={American Association for the Advancement of Science}
}

@article{price2015future,
  title={Future landscapes of Switzerland: Risk areas for urbanisation and land abandonment},
  author={Price, Bronwyn and Kienast, Felix and Seidl, Irmi and Ginzler, Christian and Verburg, Peter H and Bolliger, Janine},
  journal={Applied Geography},
  volume={57},
  pages={32--41},
  year={2015},
  publisher={Elsevier}
}

@book{white2015modeling,
  title={Modeling Cities and Regions as Complex Systems: From Theory to Planning Applications},
  author={White, Roger and Engelen, Guy and Uljee, Inge},
  year={2015},
  publisher={MIT Press}
}

@article{yamu2015spatial,
  title={Spatial accessibility to amenities, natural areas and urban green spaces: using a multiscale, multifractal simulation model for managing urban sprawl},
  author={Yamu, Claudia and Frankhauser, Pierre},
  journal={Environment and Planning B: Planning and Design},
  volume={42},
  number={6},
  pages={1054--1078},
  year={2015},
  publisher={SAGE Publications Sage UK: London, England}
}

@article{liu2016general,
  title={General spatiotemporal patterns of urbanization: An examination of 16 World cities},
  author={Liu, Zhifeng and He, Chunyang and Wu, Jianguo},
  journal={Sustainability},
  volume={8},
  number={1},
  pages={41},
  year={2016},
  publisher={Multidisciplinary Digital Publishing Institute}
}

@article{mcphearson2016advancing,
  title={Advancing urban ecology toward a science of cities},
  author={McPhearson, Timon and Pickett, Steward TA and Grimm, Nancy B and Niemel{\"a}, Jari and Alberti, Marina and Elmqvist, Thomas and Weber, Christiane and Haase, Dagmar and Breuste, J{\"u}rgen and Qureshi, Salman},
  journal={BioScience},
  pages={biw002},
  year={2016},
  publisher={Oxford University Press}
}

@misc{sfso2017statistique,
  title={Statistique de la superficie selon nomenclature 2004 - Standard},
  author="{Swiss Federal Statistical Office}",
  year={2017},
  howpublished={Available from (in French) \url{https://www.bfs.admin.ch/bfs/fr/home/services/geostat/geodonnees-statistique-federale/sol-utilisation-couverture/statistique-suisse-superficie/nomenclature-standard.assetdetail.4103540.html}. Accessed: 18 April 2019},
}

@article{boeing2018measuring,
  title={Measuring the complexity of urban form and design},
  author={Boeing, Geoff},
  journal={Urban Design International},
  volume={23},
  number={4},
  pages={281--292},
  year={2018},
  publisher={Springer}
}

@article{nong2018quantifying,
  title={Quantifying urban growth patterns in Hanoi using landscape expansion modes and time series spatial metrics},
  author={Nong, Duong H and Lepczyk, Christopher A and Miura, Tomoaki and Fox, Jefferson M},
  journal={PloS one},
  volume={13},
  number={5},
  pages={e0196940},
  year={2018},
  publisher={Public Library of Science}
}

@article{rudolf2018planning,
  title={Planning for compact urban forms: local growth-management approaches and their evolution over time},
  author={Rudolf, Sophie C and Kienast, Felix and Hersperger, Anna M},
  journal={Journal of environmental planning and management},
  volume={61},
  number={3},
  pages={474--492},
  year={2018},
  publisher={Taylor \& Francis}
}

@misc{sfso2018city,
  title={City Statistics (Urban Audit)},
  author="{Swiss Federal Statistical Office}",
  year={2018},
  howpublished={Data collection. Available from \url{https://www.bfs.admin.ch/bfs/en/home/statistics/cross-sectional-topics/city-statistics.html}. Accessed: 16 April 2019},
}

@article{bosch2019addressing,
  title={Addressing urban sprawl from the complexity sciences},
  author={Bosch, Mart{\'\i} and Chenal, J{\'e}r{\^o}me and Joost, St{\'e}phane},
  journal={Urban Science},
  volume={3},
  number={2},
  pages={60},
  year={2019},
  publisher={Multidisciplinary Digital Publishing Institute}
}

@article{bosch2019pylandstats,
  title={PyLandStats: An open-source Pythonic library to compute landscape metrics},
  author={Bosch, Mart{\'\i}},
  journal={PLoS One},
  volume={14},
  number={12},
  year={2019},
  publisher={Public Library of Science}
}

@article{bosch2019swisslandstats,
  title={swisslandstats-geopy: Python tools for preprocessing geodata from the Swiss Federal Statistical Office },
  author={Bosch, Mart{\'\i}},
  journal={J. Open Source Software},
  volume={4},
  number={40},
  pages={1511},
  year={2019},
}

@article{jaligot2019historical,
  title={Historical dynamics of ecosystem services and land management policies in Switzerland},
  author={Jaligot, R{\'e}mi and Chenal, J{\'e}r{\^o}me and Bosch, Mart{\'\i} and Hasler, St{\'e}phanie},
  journal={Ecological Indicators},
  volume={101},
  pages={81--90},
  year={2019},
  publisher={Elsevier}
}
